@article{Chretien2015,
author = {Chretien, Jean-Paul and Swedlow, David and Eckstrand, Irene and George, Dylan and Johansson, Michael and Huffman, Robert and Hebbeler, Andrew},
doi = {10.5210/OJPHI.V7I1.5677},
journal = {Online Journal of Public Health Informatics},
number = {1},
publisher = {University of Illinois at Chicago Library},
title = {{Advancing Epidemic Prediction and Forecasting: A New US Government Initiative}},
volume = {7},
year = {2015}
}

@online{d3,
  author = {Mike Bostock},
  title = {d3: Data-Driven Documents},
  year = 2016,
  url = {https://github.com/d3/d3},
  urldate = {2017-01-11}
}

@online{delphi_api,
  author = {undefx},
  title = {delphi-epidata: Documentation and sample code for DELPHI's epidemiological data API.},
  year = 2016,
  url = {https://github.com/cmu-delphi/delphi-epidata},
  urldate = {2017-01-11}
}